<?xml version="1.0" encoding="UTF-8"?><collection xmlns="http://www.loc.gov/MARC21/slim"><record><leader>00514nam--2200181-i-4500</leader><controlfield tag="001">000025556</controlfield><controlfield tag="002">20161230</controlfield><controlfield tag="005">20161230201036</controlfield><controlfield tag="008">060222s1000------------r-----000-0-eng-d</controlfield><datafield ind1=" " ind2=" " tag="040"><subfield code="a">IFIN-HH</subfield></datafield><datafield ind1=" " ind2=" " tag="080"><subfield code="a">551.510.41:551.521.32</subfield></datafield><datafield ind1="1" ind2=" " tag="100"><subfield code="a">Junge, Christian E</subfield></datafield><datafield ind1="1" ind2="0" tag="245"><subfield code="a">Air chemistry and radioactivity</subfield><subfield code="c">Christian e. junge</subfield></datafield><datafield ind1=" " ind2=" " tag="260"><subfield code="a">New York</subfield><subfield code="b">Academic Press</subfield><subfield code="c">1963</subfield></datafield><datafield ind1=" " ind2=" " tag="300"><subfield code="a">XII + 382P</subfield></datafield><datafield ind1=" " ind2=" " tag="490"><subfield code="a">International Geophysics Series Volume 4</subfield></datafield><datafield ind1=" " ind2=" " tag="852"><subfield code="a">18909</subfield><subfield code="c">523.164</subfield></datafield><datafield ind1=" " ind2=" " tag="CAT"><subfield code="a">Sys</subfield><subfield code="c">20141210</subfield><subfield code="h">172908</subfield></datafield></record></collection>